<?xml version="1.0" encoding="UTF-8"?><collection xmlns="http://www.loc.gov/MARC21/slim"><record><leader>00569nam--2200181-i-4500</leader><controlfield tag="001">000017320</controlfield><controlfield tag="002">20161230</controlfield><controlfield tag="005">20161230201032</controlfield><controlfield tag="008">060222s1000------------r-----000-0-fre-d</controlfield><datafield ind1=" " ind2=" " tag="040"><subfield code="a">IFIN-HH</subfield></datafield><datafield ind1=" " ind2=" " tag="041"><subfield code="a">fre</subfield></datafield><datafield ind1=" " ind2=" " tag="080"><subfield code="a">539.172.17:539.074(043)</subfield></datafield><datafield ind1="1" ind2=" " tag="100"><subfield code="a">Assenard, Monia</subfield></datafield><datafield ind1="1" ind2="0" tag="245"><subfield code="a">Mesure de populations d'etats de fragments instables avec le multidetecteur indra dans la reaction ar + ni a 95 mev par nucleon</subfield><subfield code="b">These</subfield><subfield code="c">Monia assenard</subfield></datafield><datafield ind1=" " ind2=" " tag="260"><subfield code="a">Nantes</subfield><subfield code="b">Universite De Nantes</subfield><subfield code="c">1997</subfield></datafield><datafield ind1=" " ind2=" " tag="300"><subfield code="a">130p</subfield></datafield><datafield ind1=" " ind2=" " tag="852"><subfield code="a">81031</subfield><subfield code="c">539</subfield></datafield><datafield ind1=" " ind2=" " tag="CAT"><subfield code="a">Sys</subfield><subfield code="c">20110105</subfield><subfield code="h">115847</subfield></datafield></record></collection>